% This file was created with JabRef 2.6.
% Encoding: UTF-8

@MISC{dhbw-kofax,
  author = {Gunnar Jänicke},
  title = {Entwicklung eines parallelen Software-Build Systems - 2. Projektarbeit},
  month = {03},
  year = {2011},
  timestamp = {2011.09.13}
}

@BOOK{knuth,
  title = {Knuth voll gut},
  publisher = {Galileo Computing},
  year = {2010},
  author = {Andreas Kühnel},
  pages = {1295},
  note = {ISBN 978-3-8362-1552-7},
  owner = {work},
  timestamp = {2011.09.02}
}

@ELECTRONIC{msdn-linq-samples,
  author = {Microsoft},
  title = {101 LINQ Samples},
  address = {http://msdn.microsoft.com/en-us/vcsharp/aa336746},
  note = {URL: \url{http://msdn.microsoft.com/en-us/vcsharp/aa336746}, zugegriffen
	am 01.08.2011 um 15:01 Uhr},
  url = {http://msdn.microsoft.com/en-us/vcsharp/aa336746},
  owner = {work},
  timestamp = {2011.09.02}
}

@ELECTRONIC{msdn-waithandles,
  author = {Microsoft},
  title = {WaitHandle.WaitAll-Methode (WaitHandle())},
  language = {german},
  note = {URL: \url{http://msdn.microsoft.com/de-de/library/z6w25xa6.aspx},
	zugegriffen am 23.08.2011 um 16:16 Uhr},
  url = {http://msdn.microsoft.com/de-de/library/z6w25xa6.aspx},
  timestamp = {2011.08.23}
}

@ELECTRONIC{anonyme-delegates-und-lambdas,
  author = {Herbert Max Straub},
  month = {03},
  year = {2011},
  title = {Anonyme Delegates und Lambdas},
  language = {german},
  note = {URL: \url{http://www.straub.as/csharp/anonyme-delegates+lambdas.html},
	zugegriffen am 08.08.2011 um 14:23 Uhr},
  url = {http://www.straub.as/csharp/anonyme-delegates+lambdas.html},
  owner = {work},
  timestamp = {2011.09.02}
}

@ELECTRONIC{wiki-clusteranalyse,
  author = {Wikipedia},
  title = {Clusteranalyse},
  language = {german},
  note = {URL: \url{http://de.wikipedia.org/wiki/Clusteranalyse}, zugegriffen
	am 22.08.2011 um 16:24 Uhr},
  url = {http://de.wikipedia.org/wiki/Clusteranalyse},
  comment = {zu gegriffen am 22.08.2011 um 16:24 Uhr},
  timestamp = {2011.08.22}
}

@comment{jabref-meta: selector_publisher:}

@comment{jabref-meta: selector_author:}

@comment{jabref-meta: selector_journal:}

@comment{jabref-meta: selector_keywords:}

